@misc{VulkanSpec,
  title = {{Vulkan} 1.3.221 Specification},
  organization = {Khronos Group},
  note   = {\url{https://www.khronos.org/registry/vulkan/specs/1.3-extensions/html/vkspec.html}, dostęp 2022.07.14},
}

@misc{SPIRVSpec,
  title = {{SPIR-V} Specification Version 1.6, Revision 2: Unified},
  organization = {Khronos Group},
  note   = {\url{https://registry.khronos.org/SPIR-V/specs/unified1/SPIRV.pdf}, dostęp 2023.01.01},
}

@misc{glslcgithub,
  title = {{Shaderc} compiler},
  organization = {Google},
  note   = {\url{https://github.com/google/shaderc}, dostęp 2023.01.01},
}

@misc{vulkansdk,
  title = {{VulkanSDK}},
  organization = {LunarG},
  note   = {\url{https://www.lunarg.com/vulkan-sdk/}, dostęp 2023.01.01},
}

@Article{TeslaNV,
author = {E. Lindholm, J. Nickolls, S. Oberman and J. Montrym},
title = {NVIDIA Tesla: A Unified Graphics and Computing Architecture},
journal = {IEEE Micro},
year = {2008},
volume = {28},
issue = {2},
pages = {39--55}
}

@Article{Flynn72,
author = {M. J. Flynn},
title = {Some Computer Organizations and Their Effectiveness},
journal = {IEEE Transactions on Computers},
year = {1972},
month = {9},
volume = {C-21},
issue = {9},
pages = {948-960}
}

@INPROCEEDINGS{AMD_CSR_opt,
  author={Greathouse, Joseph L. and Daga, Mayank},
  booktitle={SC '14: Proceedings of the International Conference for High Performance Computing, Networking, Storage and Analysis}, 
  title={Efficient Sparse Matrix-Vector Multiplication on GPUs Using the CSR Storage Format}, 
  year={2014},
  volume={},
  number={},
  pages={769-780},
  doi={10.1109/SC.2014.68}}

@Article{FloatPoint,
author = {IEEE Computer Society},
title = {IEEE Standard for Floating-Point Arithmetic},
journal = {IEEE STD 754-2019},
year = {2019},
pages = {1--84}
}

@Manual{MatrixMarket,
  author = {R. F. Boisvert, R. Pozo and K. A. Remington},
  title = {The matrix Market Exchange Formats: Initial Design},
  organization = {U. S. Department of Commerce},
  year = {1996}
}

@misc{AMDISA,
  title = {{AMD GPU ISA documentation}},
  organization = {GPUOpen},
  note   = {\url{https://gpuopen.com/amd-isa-documentation/}, dostęp 2023.01.01},
}

@misc{nsight,
  title = {{NSight Graphics}},
  organization = {NVIDIA},
  note   = {\url{https://developer.nvidia.com/nsight-graphics}, dostęp 2023.01.01},
}


