@misc{VulkanSpec,
  title = {{Vulkan} 1.3.221 Specification},
  organization = {Khronos Group},
  note   = {\url{https://www.khronos.org/registry/vulkan/specs/1.3-extensions/html/vkspec.html}, dostęp 2022.07.14},
}

@misc{SPIRVSpec,
  title = {{SPIR-V} Specification Version 1.6, Revision 2: Unified},
  organization = {Khronos Group},
  note   = {\url{https://registry.khronos.org/SPIR-V/specs/unified1/SPIRV.pdf}, dostęp 2023.01.01},
}

@misc{glslcgithub,
  title = {{Shaderc} compiler},
  organization = {Google},
  note   = {\url{https://github.com/google/shaderc}, dostęp 2023.01.01},
}

@misc{vulkansdk,
  title = {{VulkanSDK}},
  organization = {LunarG},
  note   = {\url{https://www.lunarg.com/vulkan-sdk/}, dostęp 2023.01.01},
}

@Article{TeslaNV,
author = {E. Lindholm, J. Nickolls, S. Oberman and J. Montrym},
title = {NVIDIA Tesla: A Unified Graphics and Computing Architecture},
journal = {IEEE Micro},
year = {2008},
volume = {28},
issue = {2},
pages = {39--55}
}

@Article{FloatPoint,
author = {IEEE Computer Society},
title = {IEEE Standard for Floating-Point Arithmetic},
journal = {IEEE STD 754-2019},
year = {2019},
pages = {1--84}
}

@Manual{MatrixMarket,
  author = {R. F. Boisvert, R. Pozo and K. A. Remington},
  title = {The matrix Market Exchange Formats: Initial Design},
  organization = {U. S. Department of Commerce},
  year = {1996}
}